@book{Chen2014,
  title={Linear System Theory and Design},
  author={Chen, Chi-Tsong},
  isbn={9780199964543},
  year={2014},
  publisher={Oxford University Press, Incorporated}
}

@misc{WikibookLatex,
  title = {Wikibooks LaTeX},
  howpublished = {\url{https://en.wikibooks.org/wiki/LaTeX}},
  note = {Accessed: 2016-08-30}
}

@misc{BiberBibtexEtc,
  title = {bibtex vs. biber and biblatex vs. natbib},
  howpublished = {\url{http://tex.stackexchange.com/questions/25701/bibtex-vs-biber-and-biblatex-vs-natbib}},
  note = {Accessed: 2017-02-13}
}

%
%author = {Emil Johnsen, Sindre Moldsvor, Simon Hoff},
%title = {Eksempeldata Analog motorlab},
%howpublished= {\url{ntnu.blackboard.com}}}

@misc{oppgave,
author = {Simon Hoff, Emil Johnsen},
title = {Oppgavebesrkivelse Analog Motorlab},
howpublished= {\url{ntnu.blackboard.com/ultra/courses/_43886_1/cl/outline}}}

@online{eksempeldata,
  author = {Emil Johnsen, Sindre Moldsvor, Simon Hoff},
  title = {Eksempeldata Analog motorlab},
  year = 2024,
  url = {https://ntnu.blackboard.com/ultra/courses/_43886_1/cl/outline},
  urldate = {2024-04-16}
}

@online{waves,
    author = {Paul Peter Urone, Roger Hinrichs},
    publisher = {OpenStax},
    title = {Physics},
    year = 2020,
    url = {https://openstax.org/books/physics/pages/13-1-types-of-waves#:~:text=A%20wave%20is%20a%20disturbance,are%20common%20examples%20of%20waves.},
    urldate = {2024-04-19}
}

@online{electronics,
    title = {Phasor Diagrams and Phasor Algebra},
    year = 2022,
    url = {https://www.electronics-tutorials.ws/accircuits/phasors.html},
    urldate = [2024-04-20]
}

@book{EC10th,
  title={Electric circuits},
  author={James W. Nilsson and Susan A. Riedel},
  isbn={9780133760033, 0133760030},
  year={2015},
  publisher={Pearson, Boston}
}